@article{Hinton:2002:TPE:639729.639730,
 author = {Hinton, Geoffrey E.},
 title = {Training Products of Experts by Minimizing Contrastive Divergence},
 journal = {Neural Comput.},
 issue_date = {August 2002},
 volume = {14},
 number = {8},
 month = aug,
 year = {2002},
 issn = {0899-7667},
 pages = {1771--1800},
 numpages = {30},
 url = {http://dx.doi.org/10.1162/089976602760128018},
 doi = {10.1162/089976602760128018},
 acmid = {639730},
 publisher = {MIT Press},
 address = {Cambridge, MA, USA},
} 

@article{Hinton:2006:FLA:1161603.1161605,
 author = {Hinton, Geoffrey E. and Osindero, Simon and Teh, Yee-Whye},
 title = {A Fast Learning Algorithm for Deep Belief Nets},
 journal = {Neural Comput.},
 issue_date = {July 2006},
 volume = {18},
 number = {7},
 month = jul,
 year = {2006},
 issn = {0899-7667},
 pages = {1527--1554},
 numpages = {28},
 url = {http://dx.doi.org/10.1162/neco.2006.18.7.1527},
 doi = {10.1162/neco.2006.18.7.1527},
 acmid = {1161605},
 publisher = {MIT Press},
 address = {Cambridge, MA, USA},
} 

@article{DijkstraAlgorithm,
year={1959},
issn={0029-599X},
journal={Numerische Mathematik},
volume={1},
number={1},
doi={10.1007/BF01386390},
title={A note on two problems in connexion with graphs},
url={http://dx.doi.org/10.1007/BF01386390},
publisher={Springer-Verlag},
author={Dijkstra, E.W.},
pages={269-271},
language={English}
}
